<?xml version="1.0" encoding="UTF-8" ?>
<collection xmlns:xsi="http://www.w3.org/2001/XMLSchema-instance"
    xsi:schemaLocation="http://www.loc.gov/MARC21/slim
        http://www.loc.gov/standards/marcxml/schema/MARC21slim.xsd"
    xmlns="http://www.loc.gov/MARC21/slim">
<record>
  <leader>00242cam a2200457 i 4500</leader>
  <controlfield tag="001">b12378409</controlfield>
  <controlfield tag="003">LeBAU</controlfield>
  <controlfield tag="005">20180308</controlfield>
  <controlfield tag="008">970304s1955    iq       b    ||0 0dara d</controlfield>
  <datafield tag="035" ind1=" " ind2=" ">
    <subfield code="a">ocn784290982</subfield>
  </datafield>
  <datafield tag="040" ind1=" " ind2=" ">
    <subfield code="a">LEAUB</subfield>
    <subfield code="b">ara</subfield>
    <subfield code="e">rda</subfield>
    <subfield code="c">LEAUB</subfield>
    <subfield code="d">LEAUB</subfield>
  </datafield>
  <datafield tag="082" ind1="0" ind2="4">
    <subfield code="a">297.8</subfield>
    <subfield code="2">22</subfield>
  </datafield>
  <datafield tag="100" ind1="0" ind2=" ">
    <subfield code="6">880-01</subfield>
    <subfield code="a">Masʻūdī,</subfield>
    <subfield code="d">-956?</subfield>
    <subfield code="e">author.</subfield>
  </datafield>
  <datafield tag="245" ind1="1" ind2="0">
    <subfield code="6">880-02</subfield>
    <subfield code="a">Ithbāt al-waṣīyah lil-Imām ʻAlī Ibn Abī Ṭālib ʻalayhi al-salām /</subfield>
    <subfield code="c">taʼlīf al-ʻallāmah al-jalīl wa-al-muʼarrikh al-muḥaqqiq wa-al-nassābah al-mudaqqiq Abī al-Ḥasan ʻAlī ibn al-Ḥasan ibn ʻAlī al-Masʻūdī al-Hadhalī, ṣāḥib Tārīkh Murūj al-Dhahab al-mutawaffá ʻām 346 H.</subfield>
  </datafield>
  <datafield tag="250" ind1=" " ind2=" ">
    <subfield code="6">880-03</subfield>
    <subfield code="a">al-Ṭabʻah al-rābiʻah</subfield>
  </datafield>
  <datafield tag="264" ind1=" " ind2="1">
    <subfield code="6">880-04</subfield>
    <subfield code="a">al-Najaf :</subfield>
    <subfield code="b">al-Maṭbaʻah al-Ḥaydarīyah,</subfield>
    <subfield code="c">1374 H. = 1955 M.</subfield>
  </datafield>
  <datafield tag="300" ind1=" " ind2=" ">
    <subfield code="6">880-05</subfield>
    <subfield code="a">267 pages ;</subfield>
    <subfield code="c">21 cm</subfield>
  </datafield>
  <datafield tag="336" ind1=" " ind2=" ">
    <subfield code="a">text</subfield>
    <subfield code="b">txt</subfield>
    <subfield code="2">rdacontent</subfield>
  </datafield>
  <datafield tag="337" ind1=" " ind2=" ">
    <subfield code="a">unmediated</subfield>
    <subfield code="b">n</subfield>
    <subfield code="2">rdamedia</subfield>
  </datafield>
  <datafield tag="338" ind1=" " ind2=" ">
    <subfield code="a">volume</subfield>
    <subfield code="b">nc</subfield>
    <subfield code="2">rdacarrier</subfield>
  </datafield>
  <datafield tag="504" ind1=" " ind2=" ">
    <subfield code="a">يتضمن مراجع ببليوغرافية.</subfield>
  </datafield>
  <datafield tag="600" ind1="0" ind2="4">
    <subfield code="a">محمد</subfield>
    <subfield code="c">النبي،</subfield>
    <subfield code="d">-632.</subfield>
  </datafield>
  <datafield tag="600" ind1="0" ind2="4">
    <subfield code="a">علي بن أبي طالب</subfield>
    <subfield code="c">الخليفة،</subfield>
    <subfield code="d">حوالي 600-661.</subfield>
  </datafield>
  <datafield tag="600" ind1="0" ind2="0">
    <subfield code="a">Muhammad,</subfield>
    <subfield code="c">Prophet,</subfield>
    <subfield code="d">-632.</subfield>
  </datafield>
  <datafield tag="600" ind1="0" ind2="0">
    <subfield code="a">ʻAlī ibn Abī Ṭālib,</subfield>
    <subfield code="c">Caliph,</subfield>
    <subfield code="d">approximately 600-661.</subfield>
  </datafield>
  <datafield tag="650" ind1=" " ind2="4">
    <subfield code="a">الأئمة (الشيعة)</subfield>
  </datafield>
  <datafield tag="650" ind1=" " ind2="4">
    <subfield code="a">الشيعة</subfield>
    <subfield code="x">عقائد.</subfield>
  </datafield>
  <datafield tag="650" ind1=" " ind2="0">
    <subfield code="a">Imams (Shiites)</subfield>
  </datafield>
  <datafield tag="650" ind1=" " ind2="0">
    <subfield code="a">Shi'ah</subfield>
    <subfield code="x">Doctrines.</subfield>
  </datafield>
  <datafield tag="775" ind1="0" ind2=" ">
    <subfield code="6">880-06</subfield>
    <subfield code="i">has designation of edition</subfield>
    <subfield code="4">http://rdaregistry.info/Elements/m/P30133:</subfield>
    <subfield code="t">Ithbāt al-waṣīyah lil-Imām ʻAlī Ibn Abī Ṭālib ʻalayhi al-salām.</subfield>
    <subfield code="b">al-Ṭabʻah al-thālithah.</subfield>
    <subfield code="d">al-Najaf : al-Maktabah al-Murtaḍawīyah, [between 1900 and 1960?]</subfield>
    <subfield code="w">(OCoLC)784290981</subfield>
    <subfield code="w">(OCoLC)784290981</subfield>
  </datafield>
  <datafield tag="852" ind1=" " ind2=" ">
    <subfield code="a">Jafet Library</subfield>
    <subfield code="e">American University of Beirut, Bliss Street , Beirut, Lebanon.</subfield>
  </datafield>
  <datafield tag="880" ind1="0" ind2=" ">
    <subfield code="6">100-01/(3/r</subfield>
    <subfield code="a">المسعودي،</subfield>
    <subfield code="d">-956؟،</subfield>
    <subfield code="e">مؤلف. </subfield>
    <subfield code="4">aut.</subfield>
  </datafield>
  <datafield tag="880" ind1="1" ind2="0">
    <subfield code="6">245-02/(3/r</subfield>
    <subfield code="a">إثبات الوصية للإمام علي بن أبي طالب عليه السلام /</subfield>
    <subfield code="c">تأليف العلامة الجليل والمؤرخ المحقق والنسابة المدقق أبي الحسن علي بن الحسن بن علي المسعودي الهذلي، صاحب تاريخ مروج الذهب المتوفى عام 346 هـ.</subfield>
  </datafield>
  <datafield tag="880" ind1=" " ind2=" ">
    <subfield code="6">250-03/(3/r</subfield>
    <subfield code="a">الطبعة الرابعة.</subfield>
  </datafield>
  <datafield tag="880" ind1=" " ind2="1">
    <subfield code="6">264-04/(3/r</subfield>
    <subfield code="a">النجف :</subfield>
    <subfield code="b">المطبعة الحيدرية،</subfield>
    <subfield code="c">1374 هـ. = 1955 م.</subfield>
  </datafield>
  <datafield tag="880" ind1=" " ind2=" ">
    <subfield code="6">300-05/(3/r</subfield>
    <subfield code="a">267 صفحة ؛</subfield>
    <subfield code="c">21 سم</subfield>
  </datafield>
  <datafield tag="880" ind1="0" ind2=" ">
    <subfield code="6">775-06/(3/r</subfield>
    <subfield code="i">دلالة على الطبعة</subfield>
    <subfield code="4">http://rdaregistry.info/Elements/m/P30133:</subfield>
    <subfield code="t">اثبات الوصية للامام علي بن ابي طالب عليه السلام.</subfield>
    <subfield code="b">الطبعة الثالثة.</subfield>
    <subfield code="d">النجف : المكتبة المرتضوية، [ما بين 1900 و 1960؟]</subfield>
    <subfield code="w">b12378392</subfield>
    <subfield code="w">(OCoLC)784290981</subfield>
  </datafield>
  <datafield tag="907" ind1=" " ind2=" ">
    <subfield code="a">.b12378409</subfield>
    <subfield code="b">18-03-20</subfield>
    <subfield code="c">11-05-24</subfield>
  </datafield>
  <datafield tag="907" ind1=" " ind2=" ">
    <subfield code="a">.b12378409</subfield>
    <subfield code="b">15-10-15</subfield>
    <subfield code="c">11-05-24</subfield>
  </datafield>
  <datafield tag="945" ind1=" " ind2=" ">
    <subfield code="f">J</subfield>
    <subfield code="a">297.8:M42iA:1955</subfield>
    <subfield code="g">1</subfield>
    <subfield code="i">01010362</subfield>
    <subfield code="j">.i12833897</subfield>
    <subfield code="l">u0503</subfield>
  </datafield>
  <datafield tag="998" ind1=" " ind2=" ">
    <subfield code="a">u05</subfield>
    <subfield code="b">97-03-04</subfield>
    <subfield code="c">m</subfield>
    <subfield code="d">a</subfield>
    <subfield code="e">-</subfield>
    <subfield code="f">ara</subfield>
    <subfield code="g">iq </subfield>
    <subfield code="h">0</subfield>
    <subfield code="i">1</subfield>
  </datafield>
</record>
</collection>
